@inproceedings{Galois,
author = {Nguyen, Donald and Lenharth, Andrew and Pingali, Keshav},
title = {A Lightweight Infrastructure for Graph Analytics},
year = {2013},
isbn = {9781450323888},
publisher = {Association for Computing Machinery},
address = {New York, NY, USA},
url = {https://doi.org/10.1145/2517349.2522739},
doi = {10.1145/2517349.2522739},
booktitle = {Proceedings of the Twenty-Fourth ACM Symposium on Operating Systems Principles},
pages = {456–471},
numpages = {16},
location = {Farminton, Pennsylvania},
series = {SOSP ’13}
}

@inproceedings {Gemini,
author = {Xiaowei Zhu and Wenguang Chen and Weimin Zheng and Xiaosong Ma},
title = {Gemini: A Computation-Centric Distributed Graph Processing System},
booktitle = {12th {USENIX} Symposium on Operating Systems Design and Implementation ({OSDI} 16)},
year = {2016},
isbn = {978-1-931971-33-1},
address = {Savannah, GA},
pages = {301--316},
url = {https://www.usenix.org/conference/osdi16/technical-sessions/presentation/zhu},
publisher = {{USENIX} Association},
month = nov,
}

@inproceedings{Ligra,
author = {Shun, Julian and Blelloch, Guy E.},
title = {Ligra: A Lightweight Graph Processing Framework for Shared Memory},
year = {2013},
isbn = {9781450319225},
publisher = {Association for Computing Machinery},
address = {New York, NY, USA},
url = {https://doi.org/10.1145/2442516.2442530},
doi = {10.1145/2442516.2442530},
booktitle = {Proceedings of the 18th ACM SIGPLAN Symposium on Principles and Practice of Parallel Programming},
pages = {135–146},
numpages = {12},
keywords = {shared memory, graph algorithms, parallel programming},
location = {Shenzhen, China},
series = {PPoPP ’13}
}

@inproceedings{Polymer,
author = {Zhang, Kaiyuan and Chen, Rong and Chen, Haibo},
title = {NUMA-Aware Graph-Structured Analytics},
year = {2015},
isbn = {9781450332057},
publisher = {Association for Computing Machinery},
address = {New York, NY, USA},
url = {https://doi.org/10.1145/2688500.2688507},
doi = {10.1145/2688500.2688507},
booktitle = {Proceedings of the 20th ACM SIGPLAN Symposium on Principles and Practice of Parallel Programming},
pages = {183–193},
numpages = {11},
keywords = {Non-uniform Memory Access (NUMA), Graph-structured Analytics},
location = {San Francisco, CA, USA},
series = {PPoPP 2015}
}

@inproceedings{vertGalois,
author = {Dathathri, Roshan and Gill, Gurbinder and Hoang, Loc and Dang, Hoang-Vu and Brooks, Alex and Dryden, Nikoli and Snir, Marc and Pingali, Keshav},
title = {Gluon: A Communication-Optimizing Substrate for Distributed Heterogeneous Graph Analytics},
year = {2018},
isbn = {9781450356985},
publisher = {Association for Computing Machinery},
address = {New York, NY, USA},
url = {https://doi.org/10.1145/3192366.3192404},
doi = {10.1145/3192366.3192404},
booktitle = {Proceedings of the 39th ACM SIGPLAN Conference on Programming Language Design and Implementation},
pages = {752–768},
numpages = {17},
keywords = {GPUs, big data, Distributed-memory graph analytics, communication optimizations, heterogeneous architectures},
location = {Philadelphia, PA, USA},
series = {PLDI 2018}
}

@inproceedings{konect,
author = {Kunegis, Jérôme},
year = {2013},
month = {05},
pages = {1343-1350},
title = {KONECT: the Koblenz network collection},
journal = {WWW 2013 Companion - Proceedings of the 22nd International Conference on World Wide Web},
doi = {10.1145/2487788.2488173}
}

@online{pbbs,
	author="Shun, Julian and Blelloch, Guy and Fineman, Jeremy and Gibbons, Phillip and Kyrola, Aapo and Tangwonsan, Kanat and Simhadri, Harsha Vardhan",
	title="{Problem Based Benchmark Suite }",
	url = {http://www.cs.cmu.edu/~pbbs/},
	year = "2020",
	month = aug
}

@article{bsp,
	author = {Valiant, Leslie G.},
	title = {A Bridging Model for Parallel Computation},
	year = {1990},
	issue_date = {Aug. 1990},
	publisher = {Association for Computing Machinery},
	address = {New York, NY, USA},
	volume = {33},
	number = {8},
	issn = {0001-0782},
	url = {https://doi.org/10.1145/79173.79181},
	doi = {10.1145/79173.79181},
	journal = {Commun. ACM},
	month = aug,
	pages = {103–111},
	numpages = {9}
}

@online{GiraphInputFormat,
	author="{Apache Software Foundation}",
	title="{JavaDoc for JsonLongDoubleFloatDoubleVertexInputFormat}",
	url = {https://giraph.apache.org/apidocs/org/apache/giraph/io/formats/JsonLongDoubleFloatDoubleVertexInputFormat.html},
	year = "2020",
	month = aug
}

@online{Giraph,
	author="{Apache Software Foundation}",
	title="{Apache Giraph}",
	url = {https://giraph.apache.org},
	howpublished = "",
	year = "2020",
	month = jun
}

@inproceedings{pregel,
	author = {Malewicz, Grzegorz and Austern, Matthew H. and Bik, Aart J.C and Dehnert, James C. and Horn, Ilan and Leiser, Naty and Czajkowski, Grzegorz},
	title = {Pregel: A System for Large-Scale Graph Processing}, year = {2010},
	isbn = {9781450300322},
	publisher = {Association for Computing Machinery},
	address = {New York, NY, USA}, url = {https://doi.org/10.1145/1807167.1807184},
	doi = {10.1145/1807167.1807184},
	booktitle = {Proceedings of the 2010 ACM SIGMOD International Conference on Management of Data},
	pages = {135–146},
	numpages = {12},
	keywords = {graph algorigthms, distributed computing},
	location = {Indianapolis, Indiana, USA},
	series = {SIGMOD '10}
}

@INPROCEEDINGS{mapreduce,
    author = {Jeffrey Dean and Sanjay Ghemawat},
    title = {MapReduce: Simplified data processing on large clusters},
    booktitle = {In Proceedings of Operating Systems Design and Implementation (OSDI},
    year = {},
    pages = {137--150}
}
