

@article{unserPaper,
author = {König, Simon and Rollbühler, Felix and Matzner, Leon and Schmid, Jakob},
title = {A Comparison of Graph Processing Systems},
Journal = {Bachelor Research Projects},
Month = {October},
Pages = {1-19},
Title = {A Comparison of Graph Processing Systems},
Volume = {SoSe 20},
Year = {2020}
}

